<?xml version="1.0" encoding="UTF-8"?><record xmlns="http://www.loc.gov/MARC21/slim" xmlns:cinclude="http://apache.org/cocoon/include/1.0" xmlns:zs="http://www.loc.gov/zing/srw/">
  <leader>00560nz  a2200157n  4500</leader>
  <controlfield tag="001">no2011187249</controlfield>
  <controlfield tag="003">DLC</controlfield>
  <controlfield tag="005">20111208075243.0</controlfield>
  <controlfield tag="008">111206n| acannaabn          |a aaa     c</controlfield>
  <datafield tag="010" ind1=" " ind2=" ">
    <subfield code="a">no2011187249</subfield>
  </datafield>
  <datafield tag="035" ind1=" " ind2=" ">
    <subfield code="a">(OCoLC)oca09053981</subfield>
  </datafield>
  <datafield tag="040" ind1=" " ind2=" ">
    <subfield code="a">SaPrUSA</subfield>
    <subfield code="b">eng</subfield>
    <subfield code="c">SaPrUSA</subfield>
  </datafield>
  <datafield tag="100" ind1="1" ind2=" ">
    <subfield code="a">Wieneke, C. E.</subfield>
    <subfield code="q">(Christine E.)</subfield>
  </datafield>
  <datafield tag="400" ind1="1" ind2=" ">
    <subfield code="a">Wieneke, Christine E.</subfield>
  </datafield>
  <datafield tag="670" ind1=" " ind2=" ">
    <subfield code="a">Predicting persistence and withdrawal, 1982:</subfield>
    <subfield code="b">t.p. (C.E. Wieneke)</subfield>
  </datafield>
  <datafield tag="670" ind1=" " ind2=" ">
    <subfield code="a">OCLC Nov. 29, 2011</subfield>
    <subfield code="b">(hdgs.: Wieneke, Christine, Wieneke, Christine E.; usage: Chris Wieneke, Christine Wieneke, C.E. Wieneke)</subfield>
  </datafield>
</record>